<?xml version="1.0" encoding="utf-8"?>
<record xmlns="http://www.loc.gov/MARC21/slim" xmlns:xsi="http://www.w3.org/2001/XMLSchema-instance" xsi:schemaLocation="http://www.loc.gov/MARC21/slim http://www.loc.gov/standards/marcxml/schema/MARC21slim.xsd">
	<leader>     nam a22     Mi 4500</leader>
	<controlfield tag="001">810543</controlfield>
	<controlfield tag="003">NjP</controlfield>
	<controlfield tag="006">m        d        </controlfield>
	<controlfield tag="007">cr cn |||m|||a</controlfield>
	<controlfield tag="008">201207m19769999ir      ob    000 0 ara d</controlfield>
	<datafield ind1=" " ind2=" " tag="040">
		<subfield code="a">ZYU</subfield>
		<subfield code="b">ara</subfield>
		<subfield code="e">rda</subfield>
		<subfield code="c">ZYU</subfield>
	</datafield>
	<datafield ind1="1" ind2=" " tag="100">
		<subfield code="6">880-01</subfield>
		<subfield code="a">Ṣādiqī, Muḥammad ʻAlī.</subfield>
	</datafield>
	<datafield ind1="1" ind2="0" tag="240">
		<subfield code="6">880-02</subfield>
		<subfield code="a">Ṭahārah min sharḥ al-Sharāyiʻ</subfield>
	</datafield>
	<datafield ind1="1" ind2="0" tag="245">
		<subfield code="6">880-03</subfield>
		<subfield code="a">Kitāb al-ṭahārah min sharḥ al-Sharāyiʻ :</subfield>
		<subfield code="b">taqrīran li-baḥth qudwat al-fuqahāʼ wa-al-mujtahidīn khātimat al-muḥaqqiqīn Āyat Allāh al-ʻUẓmá wa-ḥujjatuhu al-kubrá al-Sayyid ʻAlī al-ʻAllāmah al-Fānī al-Iṣfahānī ... /</subfield>
		<subfield code="c">Muḥammad ʻAlī al-Ḥusaynī al-Ṣādiqī al-Iṣfahānī.</subfield>
	</datafield>
	<datafield ind1="3" ind2=" " tag="246">
		<subfield code="6">880-04</subfield>
		<subfield code="a">Ārāʼ ḥawla Kitāb al-Ṭahārah min sharḥ al-Sharāyiʻ</subfield>
	</datafield>
	<datafield ind1="3" ind2=" " tag="246">
		<subfield code="6">880-05</subfield>
		<subfield code="a">Ṭahārah min sharḥ al-Sharāyiʻ</subfield>
	</datafield>
	<datafield ind1="3" ind2=" " tag="246">
		<subfield code="6">880-06</subfield>
		<subfield code="a">Ārāʼ samāḥat Āyat Allāh al-ʻUẓmá al-Imām al-Sayyid ʻAlī al-ʻAllāmah al-Fānī al-Iṣfahānī ḥawla Kitāb al-ṭahārah min sharḥ al-Sharāyiʻ</subfield>
	</datafield>
	<datafield ind1=" " ind2=" " tag="260">
		<subfield code="6">880-07</subfield>
		<subfield code="a">[Qum] :</subfield>
		<subfield code="b">al-Maṭbaʻah al-ʻIlmīyah,</subfield>
		<subfield code="c">1397- [1976 or 1977]-</subfield>
	</datafield>
	<datafield ind1=" " ind2=" " tag="300">
		<subfield code="a">online resource (volumes)</subfield>
	</datafield>
	<datafield ind1=" " ind2=" " tag="336">
		<subfield code="a">text</subfield>
		<subfield code="2">rdacontent</subfield>
	</datafield>
	<datafield ind1=" " ind2=" " tag="337">
		<subfield code="a">computer</subfield>
		<subfield code="2">rdamedia</subfield>
	</datafield>
	<datafield ind1=" " ind2=" " tag="338">
		<subfield code="a">online resource</subfield>
		<subfield code="2">rdacarrier</subfield>
	</datafield>
	<datafield ind1=" " ind2=" " tag="500">
		<subfield code="a">Title on v. 4, t.p.: Ārāʼ samāḥat Āyat Allāh al-ʻUẓmá al-Imām al-Sayyid ʻAlī al-ʻAllāmah al-Fānī al-Iṣfahānī ḥawla Kitāb al-ṭahārah min sharḥ al-Sharāyiʻ.</subfield>
	</datafield>
	<datafield ind1=" " ind2=" " tag="500">
		<subfield code="a">Title varies.</subfield>
	</datafield>
	<datafield ind1=" " ind2=" " tag="500">
		<subfield code="a">Part of the Arabic Collections Online (ACO) project, contributed by Princeton University Libraries.</subfield>
	</datafield>
	<datafield ind1=" " ind2=" " tag="504">
		<subfield code="a">Includes bibliographical references.</subfield>
	</datafield>
	<datafield ind1=" " ind2=" " tag="533">
		<subfield code="a">Electronic reproduction.</subfield>
		<subfield code="b">New York, N.Y. :</subfield>
		<subfield code="c">New York University,</subfield>
		<subfield code="d">2020.</subfield>
		<subfield code="5">NNU</subfield>
	</datafield>
	<datafield ind1="1" ind2="0" tag="600">
		<subfield code="a">Muḥaqqiq al-Ḥillī, Jaʻfar ibn al-Ḥasan,</subfield>
		<subfield code="d">1205 or 1206-1277.</subfield>
		<subfield code="t">Sharāʼiʻ al-Islām.</subfield>
		<subfield code="p">Kitāb al-ṭahārah.</subfield>
	</datafield>
	<datafield ind1=" " ind2="0" tag="650">
		<subfield code="a">Purity, Ritual</subfield>
		<subfield code="x">Islam.</subfield>
	</datafield>
	<datafield ind1="0" ind2="7" tag="630">
		<subfield code="a">Sharāʼiʻ al-Islām (Muḥaqqiq al-Ḥillī, Jaʻfar ibn al-Ḥasan)</subfield>
		<subfield code="2">fast</subfield>
		<subfield code="0">(OCoLC)fst01370927</subfield>
	</datafield>
	<datafield ind1=" " ind2="7" tag="650">
		<subfield code="a">Purity, Ritual</subfield>
		<subfield code="x">Islam.</subfield>
		<subfield code="2">fast</subfield>
		<subfield code="0">(OCoLC)fst01084388</subfield>
	</datafield>
	<datafield ind1="1" ind2=" " tag="700">
		<subfield code="6">880-08</subfield>
		<subfield code="a">Fānī, ʻAlī.</subfield>
	</datafield>
	<datafield ind1="2" ind2=" " tag="710">
		<subfield code="a">Princeton University.</subfield>
		<subfield code="b">Library.</subfield>
	</datafield>
	<datafield ind1="0" ind2=" " tag="730">
		<subfield code="a">Arabic Collections Online.</subfield>
	</datafield>
	<datafield ind1="0" ind2="8" tag="776">
		<subfield code="i">Print version:</subfield>
		<subfield code="a">Ṣādiqī, Muḥammad ʻAlī.</subfield>
		<subfield code="t">Kitāb al-ṭahārah min sharḥ al-Sharāyiʻ</subfield>
		<subfield code="w">(NjP)810543</subfield>
	</datafield>
	<datafield ind1="4" ind2="0" tag="856">
		<subfield code="u">http://hdl.handle.net/2333.1/ns1rnkp0</subfield>
	</datafield>
	<datafield ind1="4" ind2="0" tag="856">
		<subfield code="u">http://hdl.handle.net/2333.1/ns1rnkp0</subfield>
	</datafield>
	<datafield ind1="1" ind2=" " tag="880">
		<subfield code="6">100-01</subfield>
		<subfield code="a">صادقي، محمد علي.‎‎</subfield>
	</datafield>
	<datafield ind1="1" ind2="0" tag="880">
		<subfield code="6">240-02</subfield>
		<subfield code="a">طهارة من شرح الشرايع‎‎</subfield>
	</datafield>
	<datafield ind1="1" ind2="0" tag="880">
		<subfield code="6">245-03</subfield>
		<subfield code="a">كتاب الطهارة من شرح الشرايع :</subfield>
		<subfield code="b">تقرير لبحث قدوة الفقهاء والمجتهدين خاتمة المحققين آية الله العظمى وحجته الكبرى السيد علي العلامة الفاني الاصفهاني ... /</subfield>
		<subfield code="c">محمد علي الحسيني الصادقي الاصفهاني.</subfield>
	</datafield>
	<datafield ind1="3" ind2=" " tag="880">
		<subfield code="6">246-04</subfield>
		<subfield code="a">آراء حول كتاب الطهارة من شرح الشرايع‎‎</subfield>
	</datafield>
	<datafield ind1="3" ind2=" " tag="880">
		<subfield code="6">246-05</subfield>
		<subfield code="a">طهارة من شرح الشرايع‎‎</subfield>
	</datafield>
	<datafield ind1="3" ind2=" " tag="880">
		<subfield code="6">246-06</subfield>
		<subfield code="a">آراء سماحة آية الله العظمى الامام السيد علي العلامة الفاني الاصفهاني حول كتاب الطهارة من شرح الشرايع</subfield>
	</datafield>
	<datafield ind1=" " ind2=" " tag="880">
		<subfield code="6">260-07</subfield>
		<subfield code="a">[قم] :‎‎</subfield>
		<subfield code="b">المطبعة العلمية،‎‎</subfield>
		<subfield code="c">1397- [1976 or 1977]-</subfield>
	</datafield>
	<datafield ind1="1" ind2=" " tag="880">
		<subfield code="6">700-08</subfield>
		<subfield code="a">فاني، علي.‎‎</subfield>
	</datafield>
	<datafield ind1=" " ind2=" " tag="959">
		<subfield code="a">NNU</subfield>
		<subfield code="b">WEB</subfield>
		<subfield code="c">GENI</subfield>
		<subfield code="t">0</subfield>
		<subfield code="m">Electronic access</subfield>
		<subfield code="s">01</subfield>
	</datafield>
	<datafield ind1=" " ind2=" " tag="959">
		<subfield code="a">NNU</subfield>
		<subfield code="b">WEB</subfield>
		<subfield code="c">GENI</subfield>
		<subfield code="t">0</subfield>
		<subfield code="m">Electronic access</subfield>
		<subfield code="s">01</subfield>
	</datafield>
	<datafield ind1=" " ind2=" " tag="999">
		<subfield code="i">NjP_810543</subfield>
		<subfield code="o">(OCoLC)ocn176014576</subfield>
		<subfield code="s">princeton_aco004389:juz 1</subfield>
		<subfield code="s">princeton_aco004530:juz 2</subfield>
		<subfield code="s">princeton_aco004533:juz 3</subfield>
		<subfield code="s">princeton_aco004574:juz 4</subfield>
		<subfield code="s">princeton_aco004534:juz 5</subfield>
		<subfield code="e">(ERROR-880)(ERROR-MISC)</subfield>
		<subfield code="s">princeton_aco004389:juz 1</subfield>
		<subfield code="s">princeton_aco004530:juz 2</subfield>
		<subfield code="s">princeton_aco004533:juz 3</subfield>
		<subfield code="s">princeton_aco004574:juz 4</subfield>
		<subfield code="s">princeton_aco004534:juz 5</subfield>
	</datafield>
</record>
